<record><leader>00000cas a22000007a 4500</leader><controlfield tag="001">9614789</controlfield><controlfield tag="008">830616d18861921ksuwr ne      0    0eng d</controlfield><controlfield tag="009">3789</controlfield><datafield ind1=" " ind2=" " tag="010"><subfield code="a">sn 83040231 </subfield></datafield><datafield ind1=" " ind2=" " tag="040"><subfield code="a">KSH</subfield><subfield code="b">eng</subfield><subfield code="c">KSH</subfield><subfield code="d">NPT</subfield></datafield><datafield ind1="1" ind2=" " tag="029"><subfield code="a">AU@</subfield><subfield code="b">000025792653</subfield></datafield><datafield ind1=" " ind2=" " tag="042"><subfield code="a">msc</subfield></datafield><datafield ind1=" " ind2=" " tag="043"><subfield code="a">n-us-ks</subfield></datafield><datafield ind1="0" ind2="4" tag="245"><subfield code="a">The Kiowa journal.</subfield></datafield><datafield ind1=" " ind2=" " tag="260"><subfield code="a">Kiowa, Kan. :</subfield><subfield code="b">Charles &amp; Woodworth,</subfield><subfield code="c">1886-</subfield></datafield><datafield ind1=" " ind2=" " tag="300"><subfield code="a">v. ;</subfield><subfield code="c">56 cm.</subfield></datafield><datafield ind1=" " ind2=" " tag="310"><subfield code="a">Weekly</subfield></datafield><datafield ind1="0" ind2=" " tag="362"><subfield code="a">Vol. 2, no. 9 (Nov. 18, 1886)-</subfield></datafield><datafield ind1="1" ind2=" " tag="362"><subfield code="a">Ceased with July 12, 1921 issue?</subfield></datafield><datafield ind1=" " ind2=" " tag="752"><subfield code="a">United States</subfield><subfield code="b">Kansas</subfield><subfield code="c">Barber</subfield><subfield code="d">Kiowa.</subfield></datafield><datafield ind1="0" ind2="0" tag="780"><subfield code="t">New Kiowa journal</subfield><subfield code="w">(DLC)sn 83040235</subfield></datafield><datafield ind1="0" ind2="4" tag="785"><subfield code="t">Kiowa news and review</subfield><subfield code="w">(DLC)sn 83040246</subfield></datafield></record>